@article{vrEngineeringProjects,
  author  = "Deyin, Jin and Feng, Yan and Yuji, Ito",
  title   = "Applications of Virtual Reality to Civil and Architectural Engineering Projects",
  journal = "International Symposium on Innovation \& Sustainability of Structures in Civil Engineering",
  year    = 2007,
  month   = 11,
}
@article{accommodation,
	author = { Mark   Mon-Williams  and  James R.   Tresilian },
	title = {Ordinal depth information from accommodation?},
	journal = {Ergonomics},
	volume = {43},
	number = {3},
	year  = {2000},
	publisher = {Taylor & Francis},
	doi = {10.1080/001401300184486},
	note ={PMID: 10755661},
	
	URL = {https://doi.org/10.1080/001401300184486}	
}
@misc{wikiaccommodation,
	author = {Wikipedia and contributors},
	title = "Accommodation (eye) --- Wikipedia{,} The Free Encyclopedia",
	year = "2017",
	url = {https://en.wikipedia.org/w/index.php?title=Accommodation_(eye)},
	note = {Online; accessed 15-January-2018}
}
@misc{relativeHeight,
	author = {John H. Krantz},
	title = {Relative Height},
	year = {2010},
	url = {https://psych.hanover.edu/krantz/art/rel_hgt.html},
	note = {Online; accessed 15-January-2018}
}
@misc {atmoshpericPerspective,
	publisher = {Encyclop√¶dia Britannica},
	title = {Atmospheric perspective},
	year = {2016},
	url = {https://www.britannica.com/art/aerial-perspective},
	note = {Online; accessed 15-January-2018}
	
}
@online{VRS,
	author = "Virtual reality society",
	title = "History Of Virtual Reality",
	url = {https://www.vrs.org.uk/virtual-reality/history.html},
	note = {visited on 2017-10-17}
}

@INPROCEEDINGS{generalVR,
	author={S. Wang and Z. Mao and C. Zeng and H. Gong and S. Li and B. Chen},
	booktitle={2010 18th International Conference on Geoinformatics},
	title={A new method of virtual reality based on Unity3D},
	year={2010},
	volume={},
	number={},
	pages={1-5},
	month={June},
}

@book{sensationPerception,
	author = {Abrams, Richard and Yantis, Steven},
	title = {Sensation and perception},
	publisher = {Worth Publishers},
	year = {2017},
	edition = {Second}
}

@misc{surveySketchVSDigital,
	author = {Unknown},
	title = {Design Tools: Sketching vs. Digital},
	date = {November 15, 2016},
	OPTorganisation = {ASLA (American Society of Landscape Architects)},
	OPTurl = {https://thefield.asla.org/2016/11/15/design-tools-sketching-vs-digital/},
}
